@ONLINE {64bitswaps,
    author = "Greg Ippolito",
    title  = "Endianness: Big and Little Endian Byte Order",
    year   = "2013",
    url    = "http://www.yolinux.com/TUTORIALS/Endian-Byte-Order.html"
}
@BOOK {ad3cursus,
    author    = "Gunnar Brinkmann",
    title     = "Algoritmen en Datastructuren 3",
    publisher = "Universiteit Gent",
    year      = "2017",
    month     = "sep"
}
@ARTICLE {knuthhuffman,
    author  = "Donald Knuth",
    title   = "Dynamic Huffman coding",
    journal = "Journal of Algorithms",
    year    = "1985",
    number  = "6",
    pages   = "163-180"
}
@BOOK {gutenbergbible,
    author    = "Project Gutenberg",
    title     = "King James Bible",
    publisher = "Project Gutenberg",
    year      = "2011",
    address   = "http://www.gutenberg.org/cache/epub/10/pg10.txt",
    month     = "mar"
}
